<?xml version="1.0" encoding="UTF-8"?><collection xmlns="http://www.loc.gov/MARC21/slim"><record><leader>00474nam--2200181-i-4500</leader><controlfield tag="001">000036937</controlfield><controlfield tag="002">20161230</controlfield><controlfield tag="005">20161230201041</controlfield><controlfield tag="008">060222s1000------------r-----000-0-eng-d</controlfield><datafield ind1=" " ind2=" " tag="040"><subfield code="a">IFIN-HH</subfield></datafield><datafield ind1=" " ind2=" " tag="080"><subfield code="a">53</subfield></datafield><datafield ind1="1" ind2=" " tag="100"><subfield code="a">Poppy, W.J</subfield></datafield><datafield ind1="1" ind2="0" tag="245"><subfield code="a">Exploring the physical sciences</subfield><subfield code="c">W.j. poppy, l.l. wilson</subfield></datafield><datafield ind1=" " ind2=" " tag="260"><subfield code="a">Englewood Cliffs, N.J</subfield><subfield code="b">Prentice-hall,Inc</subfield><subfield code="c">1965</subfield></datafield><datafield ind1=" " ind2=" " tag="300"><subfield code="a">VIII+376 P</subfield></datafield><datafield ind1="1" ind2=" " tag="700"><subfield code="a">Wilson, L.L</subfield></datafield><datafield ind1=" " ind2=" " tag="852"><subfield code="a">21692</subfield><subfield code="c">53</subfield></datafield><datafield ind1=" " ind2=" " tag="CAT"><subfield code="a">Sys</subfield><subfield code="c">20150218</subfield><subfield code="h">101243</subfield></datafield></record></collection>